@techreport{report94,
  author    = "DSB Task Force",
  title     = "Acquiring Defense Software Commercially",
  institution = "Defence Science Board",
  year      = "1994",
  url       = "http://www.acq.osd.mil/dsb/reports/ADA286411.htm"
}
@techreport{report98,
  author    = "DSB Task Force",
  title     = "Open Systems",
  institution = "Defence Science Board",
  year      = "1998",
  url       = "http://www.dtic.mil/docs/citations/ADA358287"
}
@techreport{report00,
  author    = "Marc Hansen, Robert F. Nesbit",
  title     = "Defense Software",
  institution = "Defence Science Board",
  year      = "2000",
  url       = "http://www.dtic.mil/docs/citations/ADA385923"
}
@book{osaguide,
  title     = "Open System Architecture Contract Guidebook for Program Managers",
  author    = "Department of Defense",
  edition   = "Draft",
  year      = "2011"
}
@book{guidesis,
  title     = "Guidebook for Acquisition of Naval Software Intensive Systems",
  author    = "Office of the Assistant Secretary of the Navy",
  edition   = "1.0",
  year      = "2008",
  url       = "http://acquisition.navy.mil/organizations/dasns/rda_cheng"
}
@book{ibmoa,
  title     = "Open Architecture Technical Principles and Guidelines",
  author    = "Eric M. Nelson",
  edition   = "1.5.8",
  publisher = "IBM Corp.",
  year      = "2008"
}
@book{oanaval,
  title     = "Open Architecture. Overview of Naval Open Systems. The Plans, The Approach, The Promise",
  author    = "Thomas J. Strei",
  year      = "2004",
  url       = "http://sstc-online.org/2004/PDFFiles/TJS6252.pdf"
 }
@book{cots,
  title     = "Commercial Off The Shelf (COTS): Doing it Right",
  author    = "Jacques S. Gansler, William Lucyshyn",
  year      = "2008",
  url       = "http://www.dtic.mil/dtic/tr/fulltext/u2/a494143.pdf"
}
@report{perry,
  title     = "Memorandum for Secretaries of The Military Departments",
  author    = "William J. Perry",
  subtitle  = "Specifications & Standards -- A New Way of Doing Business",
  type      = "report",
  year      = "1994"
}
@article{ieee12207,
  journaltitle = "IEEE STD 12207-2008",
  title     = "ISO/IEC/IEEE Standard for Systems and Software Engineering -- Software Life Cycle Processes",
  year      = "2008",
  isbn      = "978-0-7381-5663-7",
  url       = "http://ieeexplore.ieee.org/servlet/opac?punumber=4475822",
  doi       = "10.1109/IEEESTD.2008.4475826"
}
@book{impl12207,
  title     = "Implementing the IEEE Software Engineering Standards",
  author    = "Michael E.C. Schmidt",
  year      = "2000",
  isbn      = "978-0672318573"
}
@article{tsce,
  author    = "Mark Henry, Michael Iacovelli, Jeffrey Thatcher",
  title     = "DDG 1000 Engineering Control System (ECS)",
  journaltitle = "Intelligent Ships VIII Proceedings",
  year      = "2009"
}
@article{gedms,
  author    = "Scott Meier, Thomas Morris",
  title     = "Gigabit Ethernet Data Multiplex System (GEDMS) - Supporting
               the Modernization of Navy Combatants",
  journaltitle = "Automation and Controls 2007 Proceedings",
  year      = "2007"
}
@article{gedmsv2,
  author    = "Albert Manfredi, Scott Meier",
  title     = "Upgrading the GEDMS Design for Increased COTS Content In Ship Control Systems",
  journaltitle = "ASNE Day 2008 Proceedings",
  year      = "2008",
  
}